@online{statgen,
	title = {Statgen},
	year = 2022,
	url = {https://nguyenhoan.github.io/statgen/}
}

@inproceedings{liveapi14,
 author = {Subramanian, Siddharth and Inozemtseva, Laura and Holmes, Reid},
 title = {Live API Documentation},
 booktitle = {Proceedings of the 36th International Conference on Software Engineering},
 series = {ICSE 2014},
 year = {2014},
 location = {Hyderabad, India},
 pages = {643--652},
} 

@INPROCEEDINGS{Dagenais2012ICSE,
author={Dagenais, Barthelemy and Robillard, Martin P.},
booktitle={Software Engineering (ICSE), 2012 34th International Conference on}, title={Recovering traceability links between an API and its learning resources},
year={2012},
month={june},
volume={},
number={},
pages={47 -57},
keywords={},
doi={10.1109/ICSE.2012.6227207},
ISSN={0270-5257},
}

@inproceedings{Bacchelli2010ICSE,
  title={Linking e-mails and source code artifacts},
  author={Bacchelli, A. and Lanza, M. and Robbes, R.},
  booktitle={Proceedings of the 32nd ACM/IEEE International Conference on Software Engineering-Volume 1},
  pages={375--384},
  year={2010},
  organization={ACM}
}

@article{Antoniol2002TSE,
  title={Recovering traceability links between code and documentation},
  author={Antoniol, G. and Canfora, G. and Casazza, G. and De Lucia, A. and Merlo, E.},
  journal={Software Engineering, IEEE Transactions on},
  volume={28},
  number={10},
  pages={970--983},
  year={2002},
  publisher={IEEE}
}

@inproceedings{Marcus2003ICSE,
  title={Recovering documentation-to-source-code traceability links using latent semantic indexing},
  author={Marcus, A. and Maletic, J.I.},
  booktitle={Software Engineering, 2003. Proceedings. 25th International Conference on},
  pages={125--135},
  year={2003},
  organization={Ieee}
}

@inproceedings{rigby-icse13,
 author = {Rigby, Peter C. and Robillard, Martin P.},
 title = {Discovering Essential Code Elements in Informal Documentation},
 booktitle = {Proceedings of the 2013 International Conference on Software Engineering},
 series = {ICSE '13},
 year = {2013},
 pages = {832--841},
 numpages = {10},
 publisher = {IEEE Press},
} 

@inproceedings{Guerrouj2015NIER,
 author = {Latifa Guerrouj and David Bourque and Peter C. Rigby},
 booktitle = {37th IEEE New Ideas Emerging Research track of the International Conference on Software Engineering},
 title = {{Leveraging Informal Documentation to Summarize Classes and Methods in Context}},
 series = {NIER '15},
 year = {2015},
 numpages = {4},
 publisher = {IEEE Press},
 acceptance = {Acceptance rate: 25/135 or 18\%},
} 



@MISC{openhub,
        TITLE     = {{Black Duck Open Hub}},
        HOWPUBLISHED = {http://code.openhub.net/},
        KEY       = {black duck openhub}
}

@MISC{codase,
        TITLE     = {{Codase}},
        HOWPUBLISHED = {http://www.codase.com/},
        KEY       = {Codease}
}

@inproceedings{jungloid-pldi05,
 author = {Mandelin, David and Xu, Lin and Bod\'{\i}k, Rastislav and Kimelman, Doug},
 title = {{Jungloid Mining: Helping to Navigate the API Jungle}},
 booktitle = {Proceedings of the 2005 ACM SIGPLAN Conference on Programming Language Design and Implementation},
 series = {PLDI '05},
 year = {2005},
 pages = {48--61},
 publisher = {ACM},
} 

@inproceedings{altair-fse09,
 author = {Long, Fan and Wang, Xi and Cai, Yang},
 title = {Api Hyperlinking via Structural Overlap},
 booktitle = {Proceedings of the ACM SIGSOFT Symposium on The Foundations of Software Engineering},
 series = {ESEC/FSE '09},
 year = {2009},
 pages = {203--212},
 publisher = {ACM},
} 

@inproceedings{mapo-ecoop09,
 author = {Zhong, Hao and Xie, Tao and Zhang, Lu and Pei, Jian and Mei, Hong},
 title = {{MAPO: Mining and Recommending API Usage Patterns}},
 booktitle = {Proceedings of the 23rd European Conference on Object-Oriented Programming},
 year = {2009},
 pages = {318--343},
 publisher = {Springer},
} 

@inproceedings{sourcerer-oopsla06,
 author = {Bajracharya, Sushil and Ngo, Trung and Linstead, Erik and Dou, Yimeng and Rigor, Paul and Baldi, Pierre and Lopes, Cristina},
 title = {Sourcerer: A Search Engine for Open Source Code Supporting Structure-based Search},
 booktitle = {Proceedings of the ACM Conference on Object-oriented Programming Systems, Languages, and Applications},
 series = {OOPSLA '06},
 year = {2006},
 pages = {681--682},
 publisher = {ACM},
} 

@inproceedings{gridle-sac06,
 author = {Puppin, Diego and Silvestri, Fabrizio},
 title = {{The Social Network of Java Classes}},
 booktitle = {Proceedings of the 2006 ACM Symposium on Applied Computing},
 series = {SAC '06},
 year = {2006},
 pages = {1409--1413},
 publisher = {ACM},
} 

@inproceedings{assieme-uist07,
 author = {Hoffmann, Raphael and Fogarty, James and Weld, Daniel S.},
 title = {Assieme: Finding and Leveraging Implicit References in a Web Search Interface for Programmers},
 booktitle = {Proceedings of the 20th Annual ACM Symposium on User Interface Software and Technology},
 series = {UIST '07},
 year = {2007},
 pages = {13--22},
 publisher = {ACM},
} 

@inproceedings{McMillan-rsc10,
 author = {McMillan, Collin and Poshyvanyk, Denys and Grechanik, Mark},
 title = {{Recommending Source Code Examples via API Call Usages and Documentation}},
 booktitle = {Proceedings of the 2nd International Workshop on Recommendation Systems for Software Engineering},
 series = {RSSE '10},
 year = {2010},
 pages = {21--25},
 publisher = {ACM},
} 

@inproceedings{haiduc-icse13,
 author = {Haiduc, Sonia and Bavota, Gabriele and Marcus, Andrian and Oliveto, Rocco and De Lucia, Andrea and Menzies, Tim},
 title = {Automatic Query Reformulations for Text Retrieval in Software Engineering},
 booktitle = {Proceedings of the 2013 International Conference on Software Engineering},
 series = {ICSE '13},
 year = {2013},
 pages = {842--851},
 publisher = {IEEE Press},
}

@article{stolee-jss15,
 author = {Kathryn T. Stolee and Sebastian Elbaum and Matthew Dwyer},
 title = {Code search with input/output queries: Generalizing, ranking, and assessment},
 journal = {J. Syst. Softw.},
 year = {2015},
 publisher = {Elsevier Science Inc.},
}

@article{stolee-tosem14,
 author = {Stolee, Kathryn T. and Elbaum, Sebastian and Dobos, Daniel},
 title = {Solving the Search for Source Code},
 journal = {ACM Trans. Softw. Eng. Methodol.},
 issue_date = {May 2014},
 volume = {23},
 number = {3},
 month = jun,
 year = {2014},
 pages = {26:1--26:45},
 articleno = {26},
 numpages = {45},
 publisher = {ACM},
}

@article{penix-ase99,
 author = {Penix, John and Alexander, Perry},
 title = {Efficient Specification-Based Component Retrieval},
 journal = {Automated Software Engg.},
 issue_date = {April 1999},
 volume = {6},
 number = {2},
 month = apr,
 year = {1999},
 pages = {139--170},
 numpages = {32},
 publisher = {Kluwer Academic Publishers},
}   

@inproceedings{zaremski-fse95,
 author = {Zaremski, Amy Moormann and Wing, Jeannette M.},
 title = {Specification Matching of Software Components},
 booktitle = {Proceedings of the 3rd ACM SIGSOFT Symposium on Foundations of Software Engineering},
 series = {SIGSOFT '95},
 year = {1995},
 pages = {6--17},
 publisher = {ACM},
} 

@article{zaremski-tosem97,
 author = {Zaremski, Amy Moormann and Wing, Jeannette M.},
 title = {Specification Matching of Software Components},
 journal = {ACM Trans. Softw. Eng. Methodol.},
 issue_date = {Oct. 1997},
 volume = {6},
 number = {4},
 month = oct,
 year = {1997},
 pages = {333--369},
 numpages = {37},
 publisher = {ACM},
} 

@inproceedings{codegenie07,
 author = {Lazzarini Lemos, Ot\'{a}vio Augusto and Bajracharya, Sushil Krishna and Ossher, Joel},
 title = {{CodeGenie}: A Tool for Test-driven Source Code Search},
 booktitle = {Companion to the 22nd ACM SIGPLAN Conference on Object-oriented Programming Systems and Applications Companion},
 series = {OOPSLA '07},
 year = {2007},
 pages = {917--918},
 publisher = {ACM},
} 

@inproceedings{reiss-icse09,
 author = {Reiss, Steven P.},
 title = {Semantics-based Code Search},
 booktitle = {Proceedings of the 31st International Conference on Software Engineering},
 series = {ICSE '09},
 year = {2009},
 pages = {243--253},
 publisher = {IEEE Computer Society},
} 

@article{podgurski-tosem93,
 author = {Podgurski, Andy and Pierce, Lynn},
 title = {Retrieving Reusable Software by Sampling Behavior},
 journal = {ACM Trans. Softw. Eng. Methodol.},
 issue_date = {July 1993},
 volume = {2},
 number = {3},
 month = jul,
 year = {1993},
 pages = {286--303},
 publisher = {ACM},
} 

@inproceedings{buse-icse12,
 author = {Buse, Raymond P. L. and Weimer, Westley},
 title = {{Synthesizing API Usage Examples}},
 booktitle = {Proceedings of the 34th International Conference on Software Engineering},
 series = {ICSE '12},
 year = {2012},
 pages = {782--792},
 publisher = {IEEE Press},
} 


@inproceedings{gulwani-11,
 author = {Gulwani, Sumit},
 title = {Automating String Processing in Spreadsheets Using Input-output Examples},
 booktitle = {Proceedings of the 38th Annual ACM SIGPLAN-SIGACT Symposium on Principles of Programming Languages},
 series = {POPL '11},
 year = {2011},
 isbn = {978-1-4503-0490-0},
 location = {Austin, Texas, USA},
 pages = {317--330},
 numpages = {14},
 url = {http://doi.acm.org/10.1145/1926385.1926423},
 doi = {10.1145/1926385.1926423},
 acmid = {1926423},
 publisher = {ACM},
 address = {New York, NY, USA},
 keywords = {program synthesis, programming by example (pbe), spreadsheet programming, string manipulation, user intent, version space algebra},
} 

@inproceedings{gulwani-pldi11,
 author = {Gulwani, Sumit and Korthikanti, Vijay Anand and Tiwari, Ashish},
 title = {Synthesizing Geometry Constructions},
 booktitle = {Proceedings of the 32Nd ACM SIGPLAN Conference on Programming Language Design and Implementation},
 series = {PLDI '11},
 year = {2011},
 pages = {50--61},
 publisher = {ACM},
} 

@inproceedings{harris-pldi11,
 author = {Harris, William R. and Gulwani, Sumit},
 title = {Spreadsheet Table Transformations from Examples},
 booktitle = {Proceedings of the 32Nd ACM SIGPLAN Conference on Programming Language Design and Implementation},
 series = {PLDI '11},
 year = {2011},
 isbn = {978-1-4503-0663-8},
 location = {San Jose, California, USA},
 pages = {317--328},
 numpages = {12},
 url = {http://doi.acm.org/10.1145/1993498.1993536},
 doi = {10.1145/1993498.1993536},
 acmid = {1993536},
 publisher = {ACM},
 address = {New York, NY, USA},
 keywords = {end-user programming, program synthesis, programming by example, spreadsheet programming, table manipulation, user intent},
} 

@inproceedings{jha-icse10,
 author = {Jha, Susmit and Gulwani, Sumit and Seshia, Sanjit A. and Tiwari, Ashish},
 title = {Oracle-guided Component-based Program Synthesis},
 booktitle = {Proceedings of the 32Nd ACM/IEEE International Conference on Software Engineering},
 series = {ICSE '10},
 year = {2010},
 pages = {215--224},
 publisher = {ACM},
} 

@inproceedings{singh-fse11,
 author = {Singh, Rishabh and Solar-Lezama, Armando},
 title = {Synthesizing Data Structure Manipulations from Storyboards},
 booktitle = {Proceedings of the 19th ACM SIGSOFT Symposium and the 13th European Conference on Foundations of Software Engineering},
 series = {ESEC/FSE '11},
 year = {2011},
 pages = {289--299},
 publisher = {ACM},
} 

@article{ibmmodel,
 author = {Brown, Peter F. and Pietra, Vincent J. Della and Pietra, Stephen A. Della and Mercer, Robert L.},
 title = {The mathematics of statistical machine translation: parameter estimation},
 journal = {Comput. Linguist.},
 issue_date = {June 1993},
 volume = {19},
 number = {2},
 month = jun,
 year = {1993},
 pages = {263--311},
 numpages = {49},
 publisher = {MIT Press},
}

@inproceedings{icse15,
 author = {Nguyen, Anh Tuan and Nguyen, Tien N.},
 title = {Graph-based Statistical Language Model for Code},
 booktitle = {Proceedings of the 37th International Conference on Software Engineering},
 series = {ICSE 2015},
 year = {2015},
 publisher = {IEEE CS},
}

@inproceedings{fse09,
 author = {Nguyen, Tung Thanh and Nguyen, Hoan Anh and Pham, Nam H. and Al-Kofahi, Jafar M. and Nguyen, Tien N.},
 title = {Graph-based Mining of Multiple Object Usage Patterns},
 booktitle = {Proceedings of Conference on the Foundations of Software Engineering},
 series = {ESEC/FSE '09},
 year = {2009},
 pages = {383--392},
 publisher = {ACM},
}

@inproceedings{portfolio-icse11,
 author = {McMillan, Collin and Grechanik, Mark and Poshyvanyk, Denys and Xie, Qing and Fu, Chen},
 title = {Portfolio: Finding Relevant Functions and Their Usage},
 booktitle = {Proceedings of the 33rd International Conference on Software Engineering},
 series = {ICSE '11},
 year = {2011},
 pages = {111--120},
 publisher = {ACM},
}

@inproceedings{chan-fse12,
 author = {Chan, Wing-Kwan and Cheng, Hong and Lo, David},
 title = {{Searching Connected API Subgraph via Text Phrases}},
 booktitle = {Proceedings of the 20th International Symposium on the Foundations of Software Engineering},
 series = {FSE '12},
 year = {2012},
 pages = {10:1--10:11},
 publisher = {ACM},
}

@inproceedings{prem-fse07,
 author = {Saul, Zachary M. and Filkov, Vladimir and Devanbu, Premkumar and Bird, Christian},
 title = {Recommending Random Walks},
 booktitle = {Proceedings of the ACM SIGSOFT Symposium on The Foundations of Software Engineering},
 series = {ESEC-FSE '07},
 year = {2007},
 pages = {15--24},
 publisher = {ACM},
}    

@inproceedings{zheng-fse11,
 author = {Zheng, Wujie and Zhang, Qirun and Lyu, Michael},
 title = {Cross-library {API} Recommendation Using {Web} Search Engines},
 booktitle = {Proceedings of the 19th ACM SIGSOFT Symposium and the 13th European Conference on Foundations of Software Engineering},
 series = {ESEC/FSE '11},
 year = {2011},
 pages = {480--483},
 publisher = {ACM},
}

@inproceedings{examplar-icse10,
 author = {Grechanik, Mark and Fu, Chen and Xie, Qing and McMillan, Collin and Poshyvanyk, Denys and Cumby, Chad},
 title = {{A Search Engine for Finding Highly Relevant Applications}},
 booktitle = {Proceedings of the 32Nd ACM/IEEE International Conference on Software Engineering - Volume 1},
 series = {ICSE '10},
 year = {2010},
 pages = {475--484},
 publisher = {ACM},
}

@inproceedings{inoue-icse03,
 author = {Inoue, Katsuro and Yokomori, Reishi and Fujiwara, Hikaru and Yamamoto, Tetsuo and Matsushita, Makoto and Kusumoto, Shinji},
 title = {Component Rank: Relative Significance Rank for Software Component Search},
 booktitle = {Proceedings of the 25th International Conference on Software Engineering},
 series = {ICSE '03},
 year = {2003},
 pages = {14--24},
 publisher = {IEEE},
}   

@inproceedings{sawadsky-icse13,
 author = {Sawadsky, Nicholas and Murphy, Gail C. and Jiresal, Rahul},
 title = {Reverb: Recommending Code-related Web Pages},
 booktitle = {Proceedings of the 2013 International Conference on Software Engineering},
 series = {ICSE '13},
 year = {2013},
 pages = {812--821},
 publisher = {IEEE Press},
} 


@inproceedings{brandt-chi10,
 author = {Brandt, Joel and Dontcheva, Mira and Weskamp, Marcos and Klemmer, Scott R.},
 title = {Example-centric Programming: Integrating Web Search into the Development Environment},
 booktitle = {Proceedings of the SIGCHI Conference on Human Factors in Computing Systems},
 series = {CHI '10},
 year = {2010},
 pages = {513--522},
 publisher = {ACM},
} 

@inproceedings{zhang-fase11,
 author = {Zhang, Qirun and Zheng, Wujie and Lyu, Michael R.},
 title = {{Flow-augmented Call Graph: A New Foundation for Taming API Complexity}},
 booktitle = {Proceedings of the 14th International Conference on Fundamental Approaches to Software Engineering},
 series = {FASE'11/ETAPS'11},
 year = {2011},
 pages = {386--400},
 publisher = {Springer-Verlag},
}

@inproceedings{li-icse12,
 author = {Li, Jingyue and Ernst, Michael D.},
 title = {CBCD: Cloned Buggy Code Detector},
 booktitle = {Proceedings of the 34th International Conference on Software Engineering},
 series = {ICSE '12},
 year = {2012},
 pages = {310--320},
 publisher = {IEEE Press},
}

@inproceedings{xsnippet-oopsla06,
 author = {Sahavechaphan, Naiyana and Claypool, Kajal},
 title = {XSnippet: Mining For Sample Code},
 booktitle = {Proceedings of the Conference on Object-oriented Programming Systems, Languages, and Applications},
 series = {OOPSLA'06},
 year = {2006},
 pages = {413--430},
 publisher = {ACM},
} 

@inproceedings{mishne-oopsla12,
 author = {Mishne, Alon and Shoham, Sharon and Yahav, Eran},
 title = {Typestate-based Semantic Code Search over Partial Programs},
 booktitle = {Proceedings of the ACM International Conference on Object Oriented Programming Systems Languages and Applications},
 series = {OOPSLA '12},
 year = {2012},
 pages = {997--1016},
 publisher = {ACM},
} 

@inproceedings{Solar-LezamaTBSS06,
  author    = {Armando Solar{-}Lezama and
               Liviu Tancau and
               Rastislav Bod{\'{\i}}k and
               Sanjit A. Seshia and
               Vijay A. Saraswat},
  title     = {Combinatorial sketching for finite programs},
  booktitle = {Proceedings of the 12th International Conference on Architectural
               Support for Programming Languages and Operating Systems, {ASPLOS}},
  pages     = {404--415},
  year      = {2006},
}

@inproceedings{Solar-Lezama-pldi08,
 author = {Solar-Lezama, Armando and Jones, Christopher Grant and Bodik, Rastislav},
 title = {Sketching Concurrent Data Structures},
 booktitle = {Proceedings of the 29th ACM SIGPLAN Conference on Programming Language Design and Implementation},
 series = {PLDI '08},
 year = {2008},
 pages = {136--148},
 publisher = {ACM},
} 

@inproceedings{Solar-Lezama-pldi07,
 author = {Solar-Lezama, Armando and Arnold, Gilad and Tancau, Liviu and Bodik, Rastislav and Saraswat, Vijay and Seshia, Sanjit},
 title = {Sketching Stencils},
 booktitle = {Proceedings of the 28th ACM SIGPLAN Conference on Programming Language Design and Implementation},
 series = {PLDI '07},
 year = {2007},
 pages = {167--178},
 publisher = {ACM},
} 

@inproceedings{raabe-dac09,
 author = {Raabe, Andreas and Bodik, Rastislav},
 title = {Synthesizing Hardware from Sketches},
 booktitle = {Proceedings of the 46th Annual Design Automation Conference},
 series = {DAC '09},
 year = {2009},
 pages = {623--624},
 publisher = {ACM},
} 

@inproceedings{hindle-icse12,
 author = {Hindle, Abram and Barr, Earl T. and Su, Zhendong and Gabel, Mark and Devanbu, Premkumar},
 title = {On the naturalness of software},
 booktitle = {Proceedings of the 2012 International Conference on Software Engineering},
 series = {ICSE 2012},
 year = {2012},
 pages = {837--847},
 publisher = {IEEE Press},
}

@inproceedings{barr-codeconvention-fse14,
 author = {Allamanis, Miltiadis and Barr, Earl T. and Bird, Christian and Sutton, Charles},
 title = {Learning Natural Coding Conventions},
 booktitle = {Proceedings of the International Symposium on Foundations of Software Engineering},
 series = {FSE 2014},
 year = {2014},
 pages = {281--293},
 publisher = {ACM},
} 

@inproceedings{bird-fse15,
 author = {Allamanis, Miltiadis and Barr, Earl T. and Bird, Christian and Sutton, Charles},
 title = {Suggesting Accurate Method and Class Names},
 booktitle = {Proceedings of the ACM SIGSOFT International Symposium on Foundations of Software Engineering},
 series = {ESEC/FSE 2015},
 year = {2015},
 publisher = {ACM},
} 

@inproceedings{raychev-pldi14,
 author = {Raychev, Veselin and Vechev, Martin and Yahav, Eran},
 title = {Code Completion with Statistical Language Models},
 booktitle = {Proceedings of the 35th ACM SIGPLAN Conference on Programming Language Design and Implementation},
 series = {PLDI '14},
 year = {2014},
 pages = {419--428},
 publisher = {ACM},
}

@Inproceedings {tarlow14,
author       = {Chris J Maddison and Daniel Tarlow},
booktitle    = {Proceedings of the 31st International Conference on Machine Learning (ICML)},
journal      = {arXiv preprint arXiv:1401.0514},
month        = {June},
title        = {Structured Generative Models of Natural Source Code},
year         = {2014},
}

@INPROCEEDINGS{sutton-msr13, 
author={Allamanis, M. and Sutton, C.}, 
booktitle={Proceedings of the 10th IEEE Working Conference on Mining Software Repositories (MSR'13)}, 
title={Mining source code repositories at massive scale using language modeling}, 
year={2013}, 
month={May}, 
pages={207-216}, 
publisher = {IEEE CS},
}

@INPROCEEDINGS{white-msr15, 
author={Martin White and Christopher Vendome and Mario Linares-Vasquez and Denys Poshyvanyk}, 
booktitle={Proceedings of 12th IEEE Working Conference on Mining Software Repositories (MSR'15)}, 
title={Toward Deep Learning Software Repositories},
year={2015}, 
month={May}, 
publisher = {IEEE CS},
}

@article{tbcnn14,
  author    = {Lili Mou and
               Ge Li and
               Zhi Jin and
               Lu Zhang and
               Tao Wang},
  title     = {{TBCNN:} {A} Tree-Based Convolutional Neural Network for Programming
               Language Processing},
  journal   = {CoRR},
  volume    = {abs/1409.5718},
  year      = {2014},
  url       = {http://arxiv.org/abs/1409.5718},
}

@inproceedings{bimodal15,
 author = {Miltos Allamanis and Daniel Tarlow and Andrew Gordon and Yi Wei},
 title = {Bimodal Modelling of Source Code and Natural Language},
 booktitle = {Proceedings of the 32nd International Conference on Machine Learning},
 series = {ICML '15},
 year = {2015},
 publisher = {ACM}, 
}  

@inproceedings{ye-fse14,
 author = {Ye, Xin and Bunescu, Razvan and Liu, Chang},
 title = {Learning to Rank Relevant Files for Bug Reports Using Domain Knowledge},
 booktitle = {Proceedings of the International Symposium on Foundations of Software Engineering},
 series = {FSE 2014},
 year = {2014},
 pages = {689--699},
 publisher = {ACM},
}

@MISC{gate,
        TITLE     = {{General Architecture for Text Engineering}},
        HOWPUBLISHED = {http://gate.ac.uk/},
        KEY       = {Gate}
}

@InProceedings{phrasal10,
	author    = {Cer, Daniel  and  Galley, Michel  and  Jurafsky, Daniel  and  Manning, Christopher D.},
	title     = {Phrasal: A Statistical Machine Translation Toolkit for Exploring New Model Features},
	booktitle = {Proceedings of the NAACL HLT 2010 Demonstration Session},
	month     = {June},
	year      = {2010},
	address   = {Los Angeles, California},
	publisher = {Association for Computational Linguistics},
	pages     = {9--12},
}

@inproceedings{peter-icse15,
  author    = {Latifa Guerrouj and
               David Bourque and
               Peter C. Rigby},
  title     = {Leveraging Informal Documentation to Summarize Classes and Methods
               in Context},
  booktitle = {37th {IEEE/ACM} International Conference on Software Engineering,
               {ICSE} 2015, Florence, Italy, May 16-24, 2015, Volume 2},
  pages     = {639--642},
  year      = {2015},
  publisher = {IEEE CS},
}

@MISC{bekerleyaligner,
        TITLE     = {{The BerkeleyAligner}},
        HOWPUBLISHED = {https://code.google.com/p/berkeleyaligner/},
        KEY       = {bekerleyaligner}
}

@MISC{t2codewebsite,
        TITLE     = {{T2API Website}},
        HOWPUBLISHED = {\href{http://home.engineering.iastate.edu/~anhnt/Research/T2API/}{http://home.engineering.iastate.edu/~anhnt/Research/T2API/}},
        KEY       = {T2API}
}

@MISC{demoT2API,
        TITLE     = {{T2APIDemo}},
        HOWPUBLISHED = {\href{https://www.youtube.com/watch?v=Q8Kec6MHGY0&feature=youtu.be}{https://www.youtube.com/watch?v=Q8Kec6MHGY0\&feature=\\youtu.be}},
        KEY       = {T2API}
}


@MISC{java2cs,
        TITLE     = {{Java2CSharp}},
        HOWPUBLISHED = {http://sourceforge.net/projects/j2cstranslator/},
        KEY       = {Java2CSharp},
}

@MISC{example1,
        TITLE     = {{StackOverflow}},
        HOWPUBLISHED = {http://stackoverflow.com/questions/11270229/how-to-use-geocoder-to-get-the-current-location-zip-code/11271458\#11271458},
        KEY       = {StackOverflow},
}

@inproceedings{parseweb-ase07,
 author = {Thummalapenta, Suresh and Xie, Tao},
 title = {Parseweb: A Programmer Assistant for Reusing Open Source Code on the Web},
 booktitle = {Proceedings of the Twenty-second IEEE/ACM International Conference on Automated Software Engineering},
 series = {ASE '07},
 year = {2007},
 isbn = {978-1-59593-882-4},
 location = {Atlanta, Georgia, USA},
 pages = {204--213},
 numpages = {10},
 url = {http://doi.acm.org/10.1145/1321631.1321663},
 doi = {10.1145/1321631.1321663},
 acmid = {1321663},
 publisher = {ACM},
 address = {New York, NY, USA},
 keywords = {code examples, code reuse, code search engine, ranking code samples},
} 

@book{smtbook,
 author = {Koehn, Philipp},
 title = {Statistical Machine Translation},
 year = {2010},
 isbn = {0521874157, 9780521874151},
 edition = {1st},
 publisher = {Cambridge University Press},
 address = {New York, NY, USA},
} 

@book{Xiong,
  title={Linguistically Motivated Statistical Machine Translation: Models and Algorithms},
  author={Xiong, Deyi and Zhang, Min},
  year={2015},
  publisher={Springer}
}

@inproceedings{pSMT,
 author = {Koehn, Philipp and Och, Franz Josef and Marcu, Daniel},
 title = {Statistical Phrase-based Translation},
 booktitle = {Proceedings of the 2003 Conference of the North American Chapter of the Association for Computational Linguistics on Human Language Technology - Volume 1},
 series = {NAACL '03},
 year = {2003},
 location = {Edmonton, Canada},
 pages = {48--54},
 numpages = {7},
 url = {http://dx.doi.org/10.3115/1073445.1073462},
 doi = {10.3115/1073445.1073462},
 acmid = {1073462},
 publisher = {Association for Computational Linguistics},
 address = {Stroudsburg, PA, USA},
} 


@book{manning99,
 author = {Manning, Christopher D. and Sch\"{u}tze, Hinrich},
 title = {Foundations of Statistical Natural Language Processing},
 year = {1999},
 isbn = {0-262-13360-1},
 publisher = {MIT Press},
 address = {Cambridge, MA, USA},
} 

@inproceedings{anycode-oopsla15,
 author = {Gvero, Tihomir and Kuncak, Viktor},
 title = {Synthesizing {Java} Expressions from Free-form Queries},
 booktitle = {Proceedings of the 2015 ACM SIGPLAN International Conference on Object-Oriented Programming, Systems, Languages, and Applications},
 series = {OOPSLA 2015},
 year = {2015},
 isbn = {978-1-4503-3689-5},
 location = {Pittsburgh, PA, USA},
 pages = {416--432},
 numpages = {17},
 url = {http://doi.acm.org/10.1145/2814270.2814295},
 doi = {10.1145/2814270.2814295},
 acmid = {2814295},
 publisher = {ACM},
 address = {New York, NY, USA},
 keywords = {Autocompletion, Natural Language Processing, Program Repair, Program Synthesis},
} 

@INPROCEEDINGS{Raghothaman-ICSE16,
  author    = {Mukund Raghothaman and
               Yi Wei and
               Youssef Hamadi},
  title     = {{SWIM:} Synthesizing What {I} Mean},
  booktitle = {Proceedings of the 38th International Conference on Software Engineering},
	series = {ICSE 2016},
	year = {2016},
        publisher = {ACM Press},
}

@inproceedings{ppa-dagenais08,
 author = {Dagenais, Barth{\'e}l{\'e}my and Hendren, Laurie},
 title = {Enabling Static Analysis for Partial {Java} Programs},
 booktitle = {Proceedings of the 23rd ACM SIGPLAN Conference on Object-oriented Programming Systems Languages and Applications},
 series = {OOPSLA '08},
 year = {2008},
 isbn = {978-1-60558-215-3},
 location = {Nashville, TN, USA},
 pages = {313--328},
 numpages = {16},
 url = {http://doi.acm.org/10.1145/1449764.1449790},
 doi = {10.1145/1449764.1449790},
 acmid = {1449790},
 publisher = {ACM},
 address = {New York, NY, USA},
 keywords = {java, partial programs, type inference},
} 

@inproceedings{gu-fse16,
 author = {Xiaodong Gu and Hongyu Zhang and Dongmei Zhang and Sunghun Kim},
 title = {{Deep API Learning}},
 booktitle = {Proceedings of the ACM SIGSOFT International Symposium on Foundations of Software Engineering},
 series = {FSE 2016},
 year = {2016 (To appear)},
 publisher = {ACM},
} 

@inproceedings{fse16-demo,
 author = {Thanh Nguyen and Peter Rigby and Anh Nguyen and Mark Karanfil and Tien N. Nguyen},
 title = {{T2API: Synthesizing API Code Usage Templates from English Texts with Statistical Translation}},
 booktitle = {Proceedings of the ACM SIGSOFT International Symposium on Foundations of Software Engineering},
 series = {FSE 2016 (Demo Track)},
 year = {2016 (To appear)},
 publisher = {ACM},
} 

@article{sutton-16,
  author    = {Jaroslav M. Fowkes and
               Charles A. Sutton},
  title     = {Parameter-Free Probabilistic {API} Mining at GitHub Scale},
  journal   = {CoRR},
  volume    = {abs/1512.05558},
  year      = {2015},
  url       = {http://arxiv.org/abs/1512.05558},
  timestamp = {Sat, 02 Jan 2016 11:38:49 +0100},
  biburl    = {http://dblp.uni-trier.de/rec/bib/journals/corr/FowkesS15a},
  bibsource = {dblp computer science bibliography, http://dblp.org}
}

@inproceedings{mou-aaai16,
 author = {L. Mou and G. Li and L. Zhang and T. Wang and Z. Jin},
 title = {Convolutional neural networks over tree structures for
programming language processing},
 booktitle = {Proceedings of the Thirtieth AAAI Conference on Artificial Intelligence},
 series = {AAAI'16},
 year = {2016},
} 

@article{peng-16-1,
  author    = {Hao Peng and Lili Mou and Ge Li and Yuxuan Liu and Lu Zhang and Zhi Jin},
  title     = {Building Program Vector Representations for Deep Learning},
  journal   = {Knowledge Science, Engineering and Management, Lecture Notes in Computer Science},
  volume    = {9403},
  pages     = {547--553},
  year      = {2015},
}

@inproceedings{ase14,
 author = {Nguyen, Anh Tuan and Nguyen, Hoan Anh and Nguyen, Tung Thanh and Nguyen, Tien N.},
 title = {Statistical Learning Approach for Mining API Usage Mappings for Code Migration},
 booktitle = {Proceedings of the 29th ACM/IEEE International Conference on Automated Software Engineering},
 series = {ASE '14},
 year = {2014},
 pages = {457--468},
 publisher = {ACM},
} 

@article{robillard2009makes,
  title={What makes {APIs} hard to learn? Answers from developers},
  author={Robillard, Martin P},
  journal={IEEE Software},
  volume={26},
  number={6},
  pages={27--34},
  year={2009},
  publisher={IEEE}
}

@inproceedings{duala-ekoko-2011,
 author = {Duala-Ekoko, Ekwa and Robillard, Martin P.},
 title = {Using Structure-based Recommendations to Facilitate Discoverability in {APIs}},
 booktitle = {Proceedings of the 25th European Conference on Object-oriented Programming},
 series = {ECOOP'11},
 pages = {79--104},
 publisher = {Springer-Verlag},
 year = {2011},
} 

@inproceedings{DBLP:conf/icse/Duala-EkokoR12,
  author    = {Ekwa Duala{-}Ekoko and
               Martin P. Robillard},
  title     = {Asking and answering questions about unfamiliar {APIs}: An exploratory
               study},
  booktitle = {Proceedings of the 34th International Conference on Software Engineering},
  series    = {ICSE'12},
  pages     = {266--276},
  year      = {2012},
  publisher = {IEEE Press},
}

@inproceedings{tu-fse14,
 author = {Tu, Zhaopeng and Su, Zhendong and Devanbu, Premkumar},
 title = {On the Localness of Software},
 booktitle = {Proceedings of the 22Nd ACM SIGSOFT International Symposium on Foundations of Software Engineering},
 series = {FSE 2014},
 year = {2014},
 pages = {269--280},
 publisher = {ACM},
} 

@inproceedings{ye-icse16,
 author = {Ye, Xin and Shen, Hui and Ma, Xiao and Bunescu, Razvan and Liu, Chang},
 title = {From Word Embeddings to Document Similarities for Improved Information Retrieval in Software Engineering},
 booktitle = {Proceedings of the 38th International Conference on Software Engineering},
 series = {ICSE '16},
 year = {2016},
 pages = {404--415},
 publisher = {ACM},
} 


@article{sutton-16,
  author    = {Jaroslav M. Fowkes and
               Charles A. Sutton},
  title     = {Parameter-Free Probabilistic {API} Mining at GitHub Scale},
  journal   = {CoRR},
  volume    = {abs/1512.05558},
  year      = {2015},
  url       = {http://arxiv.org/abs/1512.05558},
  timestamp = {Sat, 02 Jan 2016 11:38:49 +0100},
  biburl    = {http://dblp.uni-trier.de/rec/bib/journals/corr/FowkesS15a},
  bibsource = {dblp computer science bibliography, http://dblp.org}
}

@inproceedings{Desai2016ICSE,
 author = {Desai, Aditya and Gulwani, Sumit and Hingorani, Vineet and Jain, Nidhi and Karkare, Amey and Marron, Mark and R, Sailesh and Roy, Subhajit},
 title = {Program Synthesis Using Natural Language},
 booktitle = {Proceedings of the 38th International Conference on Software Engineering},
 series = {ICSE '16},
 year = {2016},
 pages = {345--356},
 publisher = {ACM},
} 

@MISC{deepAPItool,
        TITLE     = {{Deep API Learning}},
        HOWPUBLISHED = {http://bda-codehow.cloudapp.net:88/},
        KEY       = {DeepAPI}
}

@article{formalmethodbook,
  title={Seven myths of formal methods},
  author={A. Hall},
  journal={IEEE Software},
  volume={7},
  number={5},
  pages={11--19},
  year={1990},
  publisher={IEEE}
}

@inproceedings{fse14,
 author = {Nguyen, Hoan Anh and Dyer, Robert and Nguyen, Tien N. and Rajan, Hridesh},
 title = {Mining Preconditions of APIs in Large-scale Code Corpus},
 booktitle = {Proceedings of the 22Nd ACM SIGSOFT International Symposium on Foundations of Software Engineering},
 series = {FSE 2014},
 year = {2014},
 pages = {166--177},
 numpages = {12},
 publisher = {ACM},
} 

@inproceedings{tan-icst12,
 author = {Tan, Shin Hwei and Marinov, Darko and Tan, Lin and Leavens, Gary T.},
 title = {@tComment: Testing Javadoc Comments to Detect Comment-Code Inconsistencies},
 booktitle = {Proceedings of the 2012 IEEE Fifth International Conference on Software Testing, Verification and Validation},
 series = {ICST '12},
 year = {2012},
 pages = {260--269},
 publisher = {IEEE CS},
} 

@inproceedings{dagenais-fse10,
 author = {Dagenais, Barth{\'e}l{\'e}my and Robillard, Martin P.},
 title = {Creating and Evolving Developer Documentation: Understanding the Decisions of Open Source Contributors},
 booktitle = {Proceedings of the Eighteenth ACM SIGSOFT International Symposium on Foundations of Software Engineering},
 series = {FSE '10},
 year = {2010},
 pages = {127--136},
 publisher = {ACM},
}

@inproceedings{buse-ase10,
 author = {Buse, Raymond P.L. and Weimer, Westley R.},
 title = {Automatically Documenting Program Changes},
 booktitle = {Proceedings of the IEEE/ACM International Conference on Automated Software Engineering},
 series = {ASE '10},
 year = {2010},
 pages = {33--42},
 publisher = {ACM},
}

@inproceedings{pollock-ase10,
 author = {Sridhara, Giriprasad and Hill, Emily and Muppaneni, Divya and Pollock, Lori and Vijay-Shanker, K.},
 title = {Towards Automatically Generating Summary Comments for Java Methods},
 booktitle = {Proceedings of the IEEE/ACM International Conference on Automated Software Engineering},
 series = {ASE '10},
 year = {2010},
 pages = {43--52},
 publisher = {ACM},
}

@inproceedings{zhai-icse16,
 author = {Zhai, Juan and Huang, Jianjun and Ma, Shiqing and Zhang, Xiangyu and Tan, Lin and Zhao, Jianhua and Qin, Feng},
 title = {Automatic Model Generation from Documentation for Java API Functions},
 booktitle = {Proceedings of the 38th International Conference on Software Engineering},
 series = {ICSE '16},
 year = {2016},
 pages = {380--391},
 publisher = {ACM},
}

@inproceedings{lei-acl13,
  title={From Natural Language Specifications to Program Input Parsers},
  author={Tao Lei and Fan Long and Regina Barzilay and Martin C. Rinard},
  booktitle={ACL},
  year={2013}
}    

@inproceedings{Buse:2008,
	author = {Buse, Raymond P.L. and Weimer, Westley R.},
	title = {Automatic Documentation Inference for Exceptions},
	booktitle = {Proceedings of the 2008 International Symposium on Software Testing and Analysis},
	series = {ISSTA '08},
	year = {2008},
	isbn = {978-1-60558-050-0},
	location = {Seattle, WA, USA},
	pages = {273--282},
	numpages = {10},
	url = {http://doi.acm.org/10.1145/1390630.1390664},
	doi = {10.1145/1390630.1390664},
	acmid = {1390664},
	publisher = {ACM},
	address = {New York, NY, USA},
	keywords = {documentation inference, exception handling, software documentation},
}

@inproceedings{Fluri:2007,
	author = {Fluri, Beat and Wursch, Michael and Gall, Harald C.},
	title = {Do Code and Comments Co-Evolve? On the Relation Between Source Code and Comment Changes},
	booktitle = {Proceedings of the 14th Working Conference on Reverse Engineering},
	series = {WCRE '07},
	year = {2007},
	isbn = {0-7695-3034-6},
	pages = {70--79},
	numpages = {10},
	url = {http://dx.doi.org/10.1109/WCRE.2007.21},
	doi = {10.1109/WCRE.2007.21},
	acmid = {1339530},
	publisher = {IEEE Computer Society},
	address = {Washington, DC, USA},
}

@inproceedings{Schreck:2007,
	author = {Schreck, Daniel and Dallmeier, Valentin and Zimmermann, Thomas},
	title = {How Documentation Evolves over Time},
	booktitle = {Ninth International Workshop on Principles of Software Evolution: In Conjunction with the 6th ESEC/FSE Joint Meeting},
	series = {IWPSE '07},
	year = {2007},
	isbn = {978-1-59593-722-3},
	location = {Dubrovnik, Croatia},
	pages = {4--10},
	numpages = {7},
	url = {http://doi.acm.org/10.1145/1294948.1294952},
	doi = {10.1145/1294948.1294952},
	acmid = {1294952},
	publisher = {ACM},
	address = {New York, NY, USA},
} 

@inproceedings{Khamis:2010,
	author = {Khamis, Ninus and Witte, Ren{\'e} and Rilling, Juergen},
	title = {Automatic Quality Assessment of Source Code Comments: The JavadocMiner},
	booktitle = {Proceedings of the Natural Language Processing and Information Systems, and 15th International Conference on Applications of Natural Language to Information Systems},
	series = {NLDB'10},
	year = {2010},
	isbn = {3-642-13880-2, 978-3-642-13880-5},
	location = {Cardiff, UK},
	pages = {68--79},
	numpages = {12},
	url = {http://dl.acm.org/citation.cfm?id=1894525.1894535},
	acmid = {1894535},
	publisher = {Springer-Verlag},
	address = {Berlin, Heidelberg},
} 

@article{Ibrahim:2012,
	author = {Ibrahim, Walid M. and Bettenburg, Nicolas and Adams, Bram and Hassan, Ahmed E.},
	title = {On the Relationship Between Comment Update Practices and Software Bugs},
	journal = {J. Syst. Softw.},
	issue_date = {October, 2012},
	volume = {85},
	number = {10},
	month = oct,
	year = {2012},
	issn = {0164-1212},
	pages = {2293--2304},
	numpages = {12},
	url = {http://dx.doi.org/10.1016/j.jss.2011.09.019},
	doi = {10.1016/j.jss.2011.09.019},
	acmid = {2330435},
	publisher = {Elsevier Science Inc.},
	address = {New York, NY, USA},
	keywords = {Code quality, Empirical studies, Software bugs, Software evolution, Source code comments},
}

@inproceedings{Tan:2012,
	author = {Tan, Shin Hwei and Marinov, Darko and Tan, Lin and Leavens, Gary T.},
	title = {@tComment: Testing Javadoc Comments to Detect Comment-Code Inconsistencies},
	booktitle = {Proceedings of the 2012 IEEE Fifth International Conference on Software Testing, Verification and Validation},
	series = {ICST '12},
	year = {2012},
	isbn = {978-0-7695-4670-4},
	pages = {260--269},
	numpages = {10},
	url = {http://dx.doi.org/10.1109/ICST.2012.106},
	doi = {10.1109/ICST.2012.106},
	acmid = {2224930},
	publisher = {IEEE Computer Society},
	address = {Washington, DC, USA},
	keywords = {comment analysis, random testing, test generation},
}

@inproceedings{Zhong:2009,
	author = {Zhong, Hao and Zhang, Lu and Xie, Tao and Mei, Hong},
	title = {Inferring Resource Specifications from Natural Language API Documentation},
	booktitle = {Proceedings of the 2009 IEEE/ACM International Conference on Automated Software Engineering},
	series = {ASE '09},
	year = {2009},
	isbn = {978-0-7695-3891-4},
	pages = {307--318},
	numpages = {12},
	url = {http://dx.doi.org/10.1109/ASE.2009.94},
	doi = {10.1109/ASE.2009.94},
	acmid = {1747528},
	publisher = {IEEE Computer Society},
	address = {Washington, DC, USA},
}

@article{Reiss:2006,
	author = {Reiss, Steven P.},
	title = {Incremental Maintenance of Software Artifacts},
	journal = {IEEE Trans. Softw. Eng.},
	issue_date = {September 2006},
	volume = {32},
	number = {9},
	month = sep,
	year = {2006},
	issn = {0098-5589},
	pages = {682--697},
	numpages = {16},
	url = {http://dx.doi.org/10.1109/TSE.2006.91},
	doi = {10.1109/TSE.2006.91},
	acmid = {1248764},
	publisher = {IEEE Press},
	address = {Piscataway, NJ, USA},
	keywords = {Software maintenance, Software maintenance, evolution, programming tools., evolution, programming tools.},
} 

@inproceedings{Goffi:2016,
	author = {Goffi, Alberto and Gorla, Alessandra and Ernst, Michael D. and Pezz\`{e}, Mauro},
	title = {Automatic Generation of Oracles for Exceptional Behaviors},
	booktitle = {Proceedings of the 25th International Symposium on Software Testing and Analysis},
	series = {ISSTA 2016},
	year = {2016},
	isbn = {978-1-4503-4390-9},
	location = {Saarbr\&\#252;cken, Germany},
	pages = {213--224},
	numpages = {12},
	url = {http://doi.acm.org/10.1145/2931037.2931061},
	doi = {10.1145/2931037.2931061},
	acmid = {2931061},
	publisher = {ACM},
	address = {New York, NY, USA},
	keywords = {Testing, automatic test oracle, oracle generation, oracle problem},
} 

@inproceedings{Zhou:2017,
	author = {Zhou, Yu and Gu, Ruihang and Chen, Taolue and Huang, Zhiqiu and Panichella, Sebastiano and Gall, Harald},
	title = {Analyzing APIs Documentation and Code to Detect Directive Defects},
	booktitle = {Proceedings of the 39th International Conference on Software Engineering},
	series = {ICSE '17},
	year = {2017},
	isbn = {978-1-5386-3868-2},
	location = {Buenos Aires, Argentina},
	pages = {27--37},
	numpages = {11},
	url = {https://doi.org/10.1109/ICSE.2017.11},
	doi = {10.1109/ICSE.2017.11},
	acmid = {3097373},
	publisher = {IEEE Press},
	address = {Piscataway, NJ, USA},
	keywords = {API documentation, natural language processing, static analysis},
} 

@inproceedings{Zhong:2013,
	author = {Zhong, Hao and Su, Zhendong},
	title = {Detecting API Documentation Errors},
	booktitle = {Proceedings of the 2013 ACM SIGPLAN International Conference on Object Oriented Programming Systems Languages \&\#38; Applications},
	series = {OOPSLA '13},
	year = {2013},
	isbn = {978-1-4503-2374-1},
	location = {Indianapolis, Indiana, USA},
	pages = {803--816},
	numpages = {14},
	url = {http://doi.acm.org/10.1145/2509136.2509523},
	doi = {10.1145/2509136.2509523},
	acmid = {2509523},
	publisher = {ACM},
	address = {New York, NY, USA},
	keywords = {api documentation error, outdated documentation},
}

@inproceedings{Blasi:semantics:2017,
	groups = STAR,
	author = {Arianna Blasi and Konstantin Kuznetsov and Alberto Goffi and Sergio Delgado Castellanos and Alessandra Gorla and Michael D. Ernst and Mauro PezzÃ¨},
	title = {Semantic-based Analysis of {J}avadoc Comments},
	booktitle = SATTOSE,
	series = {SATToSE '17},
	year = {2017},
	pdf = {papers/2017-blasi-comments.pdf}
}

@inproceedings{DeMoura-tacas08,
 author = {De Moura, Leonardo and Bj{\o}rner, Nikolaj},
 title = {Z3: An Efficient SMT Solver},
 booktitle = {Proceedings of the Theory and Practice of Software, 14th International Conference on Tools and Algorithms for the Construction and Analysis of Systems},
 series = {TACAS'08/ETAPS'08},
 year = {2008},
 isbn = {3-540-78799-2, 978-3-540-78799-0},
 location = {Budapest, Hungary},
 pages = {337--340},
 numpages = {4},
 url = {http://dl.acm.org/citation.cfm?id=1792734.1792766},
 acmid = {1792766},
 publisher = {Springer-Verlag},
 address = {Berlin, Heidelberg},
}

@inproceedings{stanford-nlp,
 author = {Klein, Dan and Manning, Christopher D.},
 title = {Accurate Unlexicalized Parsing},
 booktitle = {Proceedings of the 41st Annual Meeting on Association for Computational Linguistics - Volume 1},
 series = {ACL '03},
 year = {2003},
 pages = {423--430},
 numpages = {8},
 publisher = {Association for Computational Linguistics},
}

@inproceedings{tree-to-tree-nmt-2018,
author = {Chen, Xinyun and Liu, Chang and Song, Dawn},
title = {Tree-to-Tree Neural Networks for Program Translation},
year = {2018},
publisher = {Curran Associates Inc.},
booktitle = {Proceedings of the 32nd International Conference on Neural Information Processing Systems},
pages = {2552–2562},
numpages = {11},
series = {NIPS’18}
}

@inproceedings{seq2seq-attention-loyola17,
  author    = {Pablo Loyola and
               Edison Marrese{-}Taylor and
               Yutaka Matsuo},
  editor    = {Regina Barzilay and
               Min{-}Yen Kan},
  title     = {A Neural Architecture for Generating Natural Language Descriptions
               from Source Code Changes},
  booktitle = {Proceedings of the 55th Annual Meeting of the Association for Computational
               Linguistics, {ACL} 2017, Vancouver, Canada, July 30 - August 4, Volume
               2: Short Papers},
  pages     = {287--292},
  publisher = {Association for Computational Linguistics},
  year      = {2017},
  url       = {https://doi.org/10.18653/v1/P17-2045},
  doi       = {10.18653/v1/P17-2045},
  timestamp = {Tue, 20 Aug 2019 11:59:19 +0200},
  biburl    = {https://dblp.org/rec/conf/acl/LoyolaMM17.bib},
  bibsource = {dblp computer science bibliography, https://dblp.org}
}

@inproceedings{seq2seq-attention-iyer16,
  title={Summarizing Source Code using a Neural Attention Model},
  author={Srini Iyer and Ioannis Konstas and Alvin Cheung and Luke Zettlemoyer},
  booktitle={ACL},
  year={2016}
}